@article{shen2015entity,
  title={Entity linking with a knowledge base: Issues, techniques, and solutions},
  author={Shen, Wei and Wang, Jianyong and Han, Jiawei},
  journal={IEEE Transactions on Knowledge and Data Engineering},
  volume={27},
  number={2},
  pages={443--460},
  year={2015},
  publisher={IEEE}
}

@article{waitelonisnamed,
  title={Named Entity Linking in\# Tweets with KEA},
  author={Waitelonis, J{\"o}rg and Sack, Harald}
}

@inproceedings{han2009nlpr_kbp,
  title={Nlpr\_kbp in tac 2009 kbp track: a two-stage method to entity linking},
  author={Han, Xianpei and Zhao, Jun},
  booktitle={Proceedings of Test Analysis Conference 2009 (TAC 09)},
  year={2009},
  organization={Citeseer}
}

@article{caliano2016unimib,
  title={UniMiB: Entity Linking in Tweets using Jaro-Winkler Distance, Popularity and Coherence},
  author={Caliano, Davide and Fersini, Elisabetta and Manchanda, Pikakshi and Palmonari, Matteo and Messina, Enza},
  journal={Preotiuc-Pietro et al.[20]},
  pages={70--72},
  year={2016}
}